@article{1,
    author  = "Ambro≈æ Kregar",
    title   = "Aharonov-Bohm effect",
    year    =",Ljubljana marec (2011), \url{http://mafija.fmf.uni-lj.si/seminar/files/2010_2011/seminar_aharonov.pdf}" ,
    journal = "",
    volume  ="" ,
    number  = "",
    pages   = ""
}

@article{2,
    author  = "Murray Peshkin",
    title   = "The Aharonov-Bohm Effect ",
    year    ="Argonne National Laboratory, Argonne
Illinois 60439, USA " ,
    journal = "",
    volume  ="" ,
    number  = "",
    pages   = ""
}
